@misc{facebook-login,
  title={Facebook for developers: {F}acebook {L}ogin {API}},
  note={\url{https://developers.facebook.com/docs/facebook-login}}
}

@misc{ocsigen-start-github,
  title={Ocsigen {S}tart},
  published={Git{H}ub},
  journal={GitHub repository},
  howpublished={\url{https://github.com/ocsigen/ocsigen-start}}
}

@misc{besport,
  title={Be {S}port},
  note={\url{https://besport.com}}
}

@misc{eliom-distillery-repo,
  title={Eliom distillery fork},
  author={Danny Willems},
  year={2016},
  published={Git{H}ub},
  journal={GitHub repository},
  howpublished={\url{https://github.com/dannywillems/eliom-distillery}}
}

@misc{ocaml-cordova-plugin-fcm,
  title={Binding {OC}aml to cordova-plugin-fcm},
  author={Danny Willems},
  year={2016},
  published={Git{H}ub},
  journal={GitHub repository},
  howpublished={\url{https://github.com/dannywillems/ocaml-cordova-plugin-fcm}},
}

@misc{ocaml-cordova-plugin-list,
  title={Bindings {OC}aml to {C}ordova plugins},
  author={Danny Willems},
  year={2016},
  published={Git{H}ub},
  journal={GitHub repository},
  howpublished={\url{https://github.com/dannywillems/ocaml-cordova-plugin-list}},
}

@misc{ocsigen-mobile-push-notifications,
  title={Exemple d'applications utilisant l'interface pour les push notifications dans {O}csigen {S}tart},
  author={Danny Willems},
  year={2016},
  published={Git{H}ub},
  journal={GitHub repository},
  howpublished={\url{https://github.com/dannywillems/ocsigen-mobile-push-notification-example}},
}

@misc{official-jwt-website,
  title={Site officiel sur {JWT} (en anglais)},
  howpublished={\url{https://jwt.io/}}
}

@misc{rfc-jwt,
  title={{RFC} 7519 - {JSON} {W}eb {T}oken ({JWT})},
  journal={RFC},
  howpublished={\url{https://tools.ietf.org/html/rfc7519}}
}

@misc{rfc-base64,
  title={{RFC} 4648 - The Base16, Base32, and Base64 Data Encodings},
  journal={RFC},
  howpublished={\url{https://tools.ietf.org/html/rfc4648}}
}

@misc{ocaml-jwt-github,
  title={ocaml-jwt: implémentation en {OC}aml du standard {JWT}},
  author={Danny Willems},
  year={2016},
  published={Git{H}ub},
  journal={GitHub repository},
  howpublished={\url{https://github.com/besport/ocaml-jwt}}
}

@misc{official-openid-connect-website,
  title={Documentation officielle à propos d'{O}pen{ID} {C}onnect (en anglais)},
  howpublished={\url{http://openid.net/connect/}}
}

@misc{ocaml-cryptokit-ocaml-forge,
  title={{OC}aml-cryptokit: A library of cryptographic primitive.},
  published={{OC}aml {F}orge},
  howpublished={\url{https://forge.ocamlcore.org/projects/cryptokit/}}
}

@misc{ocsigen-website,
  title={Ocsigen},
  howpublished={\url{https://ocsigen.org}}
}

@misc{nodejs-website,
  title={Node.js},
  howpublished={\url{https://nodejs.org}}
}

@misc{meteor-website,
  title={Meteor},
  howpublished={\url{https://meteor.com}}
}

@misc{scala-website,
  title={Scala},
  howpublished={\url{https://scala-lang.org}}
}

@misc{scalajs-website,
  title={Scala{JS} - {C}ompilateur {S}cala vers {J}ava{S}cript},
  howpublished={\url{https://scala-js.org}}
}

@misc{play-website,
  title={Play - Framework web en Scala et en Java},
  howpublished={\url{https://playframework.com}}
}

@misc{ocsigen-server-github,
  title={Ocsigen {S}erver - serveur web écrit en {OC}aml},
  author={Ocsigen},
  published={Git{H}ub},
  journal={GitHub repository},
  howpublished={\url{https://github.com/ocsigen/ocsigenserver}}
}

@misc{ocsigen-toolkit-github,
  title={Ocsigen {T}oolkit - ensemble de widget client-serveur pour Eliom},
  author={Ocsigen},
  published={Git{H}ub},
  journal={GitHub repository},
  howpublished={\url{https://github.com/ocsigen/ocsigen-toolkit}}
}

@misc{ocsigen-js-of-ocaml-github,
  title={js\_of\_ocaml - Compilateur bytecode {OC}aml vers {J}ava{S}cript},
  author={Ocsigen},
  published={Git{H}ub},
  journal={GitHub repository},
  howpublished={\url{https://github.com/ocsigen/js-of-ocaml}}
}

@misc{ocsigen-tyxml-github,
  title={Ty{XML} - {XML} typé},
  author={Ocsigen},
  published={Git{H}ub},
  journal={GitHub repository},
  howpublished={\url{https://github.com/ocsigen/tyxml}}
}
